@article{karrer2011stochastic,
  title={Stochastic blockmodels and community structure in networks},
  author={Karrer, Brian and Newman, Mark EJ},
  journal={Physical review E},
  volume={83},
  number={1},
  pages={016107},
  year={2011},
  publisher={APS}
}
@article{erdHos1960evolution,
  title={On the evolution of random graphs},
  author={Erd{\H{o}}s, Paul and R{\'e}nyi, Alfr{\'e}d},
  journal={Publ. Math. Inst. Hung. Acad. Sci},
  volume={5},
  number={1},
  pages={17--60},
  year={1960}
}
@article{newman2003mixing,
  title={Mixing patterns in networks},
  author={Newman, Mark EJ},
  journal={Physical review E},
  volume={67},
  number={2},
  pages={026126},
  year={2003},
  publisher={APS}
}
@book{newman2018networks,
  title={Networks},
  author={Newman, Mark},
  year={2018},
  publisher={Oxford university press}
}

@article{watts1998collective,
  title={Collective dynamics of ‘small-world’networks},
  author={Watts, Duncan J and Strogatz, Steven H},
  journal={nature},
  volume={393},
  number={6684},
  pages={440--442},
  year={1998},
  publisher={Nature Publishing Group}
}

@article{barabasi1999emergence,
  title={Emergence of scaling in random networks},
  author={Barab{\'a}si, Albert-L{\'a}szl{\'o} and Albert, R{\'e}ka},
  journal={science},
  volume={286},
  number={5439},
  pages={509--512},
  year={1999},
  publisher={American Association for the Advancement of Science}
}
@inproceedings{kleinberg1999web,
  title={The web as a graph: measurements, models, and methods},
  author={Kleinberg, Jon M and Kumar, Ravi and Raghavan, Prabhakar and Rajagopalan, Sridhar and Tomkins, Andrew S},
  booktitle={International Computing and Combinatorics Conference},
  pages={1--17},
  year={1999},
  organization={Springer}
}

@article{holme2002growing,
  title={Growing scale-free networks with tunable clustering},
  author={Holme, Petter and Kim, Beom Jun},
  journal={Physical review E},
  volume={65},
  number={2},
  pages={026107},
  year={2002},
  publisher={APS}
}
@inproceedings{leskovec2005graphs,
  title={Graphs over time: densification laws, shrinking diameters and possible explanations},
  author={Leskovec, Jure and Kleinberg, Jon and Faloutsos, Christos},
  booktitle={Proceedings of the eleventh ACM SIGKDD international conference on Knowledge discovery in data mining},
  pages={177--187},
  year={2005}
}

@article{robins2007introduction,
  title={An introduction to exponential random graph (p*) models for social networks},
  author={Robins, Garry and Pattison, Pip and Kalish, Yuval and Lusher, Dean},
  journal={Social networks},
  volume={29},
  number={2},
  pages={173--191},
  year={2007},
  publisher={Elsevier}
}

@article{peixoto2019bayesian,
  title={Bayesian stochastic blockmodeling},
  author={Peixoto, Tiago P},
  journal={Advances in network clustering and blockmodeling},
  pages={289--332},
  year={2019},
  publisher={Wiley Online Library}
}

@article{orbanz2014bayesian,
  title={Bayesian models of graphs, arrays and other exchangeable random structures},
  author={Orbanz, Peter and Roy, Daniel M},
  journal={IEEE transactions on pattern analysis and machine intelligence},
  volume={37},
  number={2},
  pages={437--461},
  year={2014},
  publisher={IEEE}
}

@article{faloutsos1999power,
  title={On power-law relationships of the internet topology},
  author={Faloutsos, Michalis and Faloutsos, Petros and Faloutsos, Christos},
  journal={ACM SIGCOMM computer communication review},
  volume={29},
  number={4},
  pages={251--262},
  year={1999},
  publisher={ACM New York, NY, USA}
}


@article{guimera2004modeling,
  title={Modeling the world-wide airport network},
  author={Guimera, Roger and Amaral, Lu{\i}s A Nunes},
  journal={The European Physical Journal B},
  volume={38},
  number={2},
  pages={381--385},
  year={2004},
  publisher={Springer}
}

@article{newman2001structure,
  title={The structure of scientific collaboration networks},
  author={Newman, Mark EJ},
  journal={Proceedings of the national academy of sciences},
  volume={98},
  number={2},
  pages={404--409},
  year={2001},
  publisher={National Acad Sciences}
}


@article{bearman2004chains,
  title={Chains of affection: The structure of adolescent romantic and sexual networks},
  author={Bearman, Peter S and Moody, James and Stovel, Katherine},
  journal={American journal of sociology},
  volume={110},
  number={1},
  pages={44--91},
  year={2004},
  publisher={The University of Chicago Press}
}

@article{liljeros2001web,
  title={The web of human sexual contacts},
  author={Liljeros, Fredrik and Edling, Christofer R and Amaral, Luis A Nunes and Stanley, H Eugene and {\AA}berg, Yvonne},
  journal={Nature},
  volume={411},
  number={6840},
  pages={907--908},
  year={2001},
  publisher={Nature Publishing Group}
}

@article{goldstein2004problems,
  title={Problems with fitting to the power-law distribution},
  author={Goldstein, Michel L and Morris, Steven A and Yen, Gary G},
  journal={The European Physical Journal B-Condensed Matter and Complex Systems},
  volume={41},
  number={2},
  pages={255--258},
  year={2004},
  publisher={Springer}
}

@article{broido2019scale,
  title={Scale-free networks are rare},
  author={Broido, Anna D and Clauset, Aaron},
  journal={Nature communications},
  volume={10},
  number={1},
  pages={1--10},
  year={2019},
  publisher={Nature Publishing Group}
}

@article{barabasi2003scale,
  title={Scale-free networks},
  author={Barab{\'a}si, Albert-L{\'a}szl{\'o} and Bonabeau, Eric},
  journal={Scientific american},
  volume={288},
  number={5},
  pages={60--69},
  year={2003},
  publisher={JSTOR}
}

@article{jacomy2020epistemic,
  title={Epistemic clashes in network science: Mapping the tensions between idiographic and nomothetic subcultures},
  author={Jacomy, Mathieu},
  journal={Big Data \& Society},
  volume={7},
  number={2},
  pages={2053951720949577},
  year={2020},
  publisher={SAGE Publications Sage UK: London, England}
}

@article{girvan2002community,
  title={Community structure in social and biological networks},
  author={Girvan, Michelle and Newman, Mark EJ},
  journal={Proceedings of the national academy of sciences},
  volume={99},
  number={12},
  pages={7821--7826},
  year={2002},
  publisher={National Acad Sciences}
}

@article{jutla2011generalized,
  title={A generalized Louvain method for community detection implemented in MATLAB},
  author={Jutla, Inderjit S and Jeub, Lucas GS and Mucha, Peter J},
  journal={URL http://netwiki. amath. unc. edu/GenLouvain},
  year={2011}
}

@article{expert2011uncovering,
  title={Uncovering space-independent communities in spatial networks},
  author={Expert, Paul and Evans, Tim S and Blondel, Vincent D and Lambiotte, Renaud},
  journal={Proceedings of the National Academy of Sciences},
  volume={108},
  number={19},
  pages={7663--7668},
  year={2011},
  publisher={National Acad Sciences}
}

@article{fortunato2007resolution,
  title={Resolution limit in community detection},
  author={Fortunato, Santo and Barthelemy, Marc},
  journal={Proceedings of the national academy of sciences},
  volume={104},
  number={1},
  pages={36--41},
  year={2007},
  publisher={National Acad Sciences}
}

@article{reichardt2006statistical,
  title={Statistical mechanics of community detection},
  author={Reichardt, J{\"o}rg and Bornholdt, Stefan},
  journal={Physical review E},
  volume={74},
  number={1},
  pages={016110},
  year={2006},
  publisher={APS}
}

@article{blondel2008fast,
  title={Fast unfolding of communities in large networks},
  author={Blondel, Vincent D and Guillaume, Jean-Loup and Lambiotte, Renaud and Lefebvre, Etienne},
  journal={Journal of statistical mechanics: theory and experiment},
  volume={2008},
  number={10},
  pages={P10008},
  year={2008},
  publisher={IOP Publishing}
}

@article{rosvall2008maps,
  title={Maps of random walks on complex networks reveal community structure},
  author={Rosvall, Martin and Bergstrom, Carl T},
  journal={Proceedings of the National Academy of Sciences},
  volume={105},
  number={4},
  pages={1118--1123},
  year={2008},
  publisher={National Acad Sciences}
}

@article{lee2019review,
  title={A review of stochastic block models and extensions for graph clustering},
  author={Lee, Clement and Wilkinson, Darren J},
  journal={Applied Network Science},
  volume={4},
  number={1},
  pages={122},
  year={2019},
  publisher={Springer}
}

@article{newman2000models,
  title={Models of the small world},
  author={Newman, Mark EJ},
  journal={Journal of Statistical Physics},
  volume={101},
  number={3-4},
  pages={819--841},
  year={2000},
  publisher={Springer}
}

@article{peixoto2019bayesian,
  title={Bayesian stochastic blockmodeling},
  author={Peixoto, Tiago P},
  journal={Advances in network clustering and blockmodeling},
  pages={289--332},
  year={2019},
  publisher={Wiley Online Library}
}

@article{aldecoa2013surprise,
  title={Surprise maximization reveals the community structure of complex networks},
  author={Aldecoa, Rodrigo and Marin, Ignacio},
  journal={Scientific reports},
  volume={3},
  number={1},
  pages={1--9},
  year={2013},
  publisher={Nature Publishing Group}
}

@article{dao2020community,
  title={Community structure: A comparative evaluation of community detection methods},
  author={Dao, Vinh Loc and Bothorel, C{\'e}cile and Lenca, Philippe},
  journal={Network Science},
  volume={8},
  number={1},
  pages={1--41},
  year={2020},
  publisher={Cambridge University Press}
}

@inproceedings{leskovec2010empirical,
  title={Empirical comparison of algorithms for network community detection},
  author={Leskovec, Jure and Lang, Kevin J and Mahoney, Michael},
  booktitle={Proceedings of the 19th international conference on World wide web},
  pages={631--640},
  year={2010}
}

@article{peel2017ground,
  title={The ground truth about metadata and community detection in networks},
  author={Peel, Leto and Larremore, Daniel B and Clauset, Aaron},
  journal={Science advances},
  volume={3},
  number={5},
  pages={e1602548},
  year={2017},
  publisher={American Association for the Advancement of Science}
}

@article{xie2013overlapping,
  title={Overlapping community detection in networks: The state-of-the-art and comparative study},
  author={Xie, Jierui and Kelley, Stephen and Szymanski, Boleslaw K},
  journal={Acm computing surveys (csur)},
  volume={45},
  number={4},
  pages={1--35},
  year={2013},
  publisher={ACM New York, NY, USA}
}

@article{nicosia2009extending,
  title={Extending the definition of modularity to directed graphs with overlapping communities},
  author={Nicosia, Vincenzo and Mangioni, Giuseppe and Carchiolo, Vincenza and Malgeri, Michele},
  journal={Journal of Statistical Mechanics: Theory and Experiment},
  volume={2009},
  number={03},
  pages={P03024},
  year={2009},
  publisher={IOP Publishing}
}

@article{mcdaid2011normalized,
  title={Normalized mutual information to evaluate overlapping community finding algorithms},
  author={McDaid, Aaron F and Greene, Derek and Hurley, Neil},
  journal={arXiv preprint arXiv:1110.2515},
  year={2011}
}

@article{barthelemy2011spatial,
  title={Spatial networks},
  author={Barth{\'e}lemy, Marc},
  journal={Physics Reports},
  volume={499},
  number={1-3},
  pages={1--101},
  year={2011},
  publisher={Elsevier}
}

@article{pawar2014plant,
  title={Why are plant-pollinator networks nested?},
  author={Pawar, Samraat},
  journal={science},
  volume={345},
  number={6195},
  pages={383--383},
  year={2014},
  publisher={American Association for the Advancement of Science}
}

@article{liu2010fuzzy,
  title={Fuzzy modularity and fuzzy community structure in networks},
  author={Liu, Jian},
  journal={The European Physical Journal B},
  volume={77},
  number={4},
  pages={547--557},
  year={2010},
  publisher={Springer}
}

@article{ahn2010link,
  title={Link communities reveal multiscale complexity in networks},
  author={Ahn, Yong-Yeol and Bagrow, James P and Lehmann, Sune},
  journal={nature},
  volume={466},
  number={7307},
  pages={761--764},
  year={2010},
  publisher={Nature Publishing Group}
}

@article{traag2019louvain,
  title={From Louvain to Leiden: guaranteeing well-connected communities},
  author={Traag, Vincent A and Waltman, Ludo and van Eck, Nees Jan},
  journal={Scientific reports},
  volume={9},
  number={1},
  pages={1--12},
  year={2019},
  publisher={Nature Publishing Group}
}

@article{mcpherson2001birds,
  title={Birds of a feather: Homophily in social networks},
  author={McPherson, Miller and Smith-Lovin, Lynn and Cook, James M},
  journal={Annual review of sociology},
  volume={27},
  number={1},
  pages={415--444},
  year={2001},
  publisher={Annual Reviews 4139 El Camino Way, PO Box 10139, Palo Alto, CA 94303-0139, USA}
}

@article{del2007mixing,
  title={Mixing patterns between age groups in social networks},
  author={Del Valle, Sara Y and Hyman, James M and Hethcote, Herbert W and Eubank, Stephen G},
  journal={Social Networks},
  volume={29},
  number={4},
  pages={539--554},
  year={2007},
  publisher={Elsevier}
}

@article{peel2018multiscale,
  title={Multiscale mixing patterns in networks},
  author={Peel, Leto and Delvenne, Jean-Charles and Lambiotte, Renaud},
  journal={Proceedings of the National Academy of Sciences},
  volume={115},
  number={16},
  pages={4057--4062},
  year={2018},
  publisher={National Acad Sciences}
}

@article{barrat2013empirical,
  title={Empirical temporal networks of face-to-face human interactions},
  author={Barrat, Alain and Cattuto, Ciro and Colizza, Vittoria and Gesualdo, Francesco and Isella, Lorenzo and Pandolfi, Elisabetta and Pinton, J-F and Rav{\`a}, Lucilla and Rizzo, Caterina and Romano, Mariateresa and others},
  journal={The European Physical Journal Special Topics},
  volume={222},
  number={6},
  pages={1295--1309},
  year={2013},
  publisher={Springer}
}


@article{latapy2018stream,
  title={Stream graphs and link streams for the modeling of interactions over time},
  author={Latapy, Matthieu and Viard, Tiphaine and Magnien, Cl{\'e}mence},
  journal={Social Network Analysis and Mining},
  volume={8},
  number={1},
  pages={61},
  year={2018},
  publisher={Springer}
}

@article{holme2012temporal,
  title={Temporal networks},
  author={Holme, Petter and Saram{\"a}ki, Jari},
  journal={Physics reports},
  volume={519},
  number={3},
  pages={97--125},
  year={2012},
  publisher={Elsevier}
}

@article{casteigts2012time,
  title={Time-varying graphs and dynamic networks},
  author={Casteigts, Arnaud and Flocchini, Paola and Quattrociocchi, Walter and Santoro, Nicola},
  journal={International Journal of Parallel, Emergent and Distributed Systems},
  volume={27},
  number={5},
  pages={387--408},
  year={2012},
  publisher={Taylor \& Francis}
}


@article{gauvin2022,
  TITLE = {{Randomized reference models for temporal networks}},
  AUTHOR = {Gauvin, Laetitia and G{\'e}nois, Mathieu and Karsai, Marton and Kivel{\"a}, Mikko and Takaguchi, Taro and Valdano, Eugenio and Vestergaard, Christian L.},
  URL = {https://hal.archives-ouvertes.fr/hal-01817633},
  JOURNAL = {{SIAM Review}},
  PUBLISHER = {{Society for Industrial and Applied Mathematics}},
  VOLUME = {64},
  NUMBER = {4},
  YEAR = {2022},
  MONTH = Nov,
  DOI = {10.1137/19M1242252},
  KEYWORDS = {null models ; random graphs ; temporal networks ; time-varying networks},
  PDF = {https://hal.archives-ouvertes.fr/hal-01817633v4/file/RRMs_for_temporal_networks.pdf},
  HAL_ID = {hal-01817633},
  HAL_VERSION = {v4},
}
@book{bailey1975mathematical,
  title={The mathematical theory of infectious diseases and its applications},
  author={Bailey, Norman TJ and others},
  year={1975},
  publisher={Charles Griffin \& Company Ltd, 5a Crendon Street, High Wycombe, Bucks HP13 6LE.}
}


@article{nowzari2016analysis,
  title={Analysis and control of epidemics: A survey of spreading processes on complex networks},
  author={Nowzari, Cameron and Preciado, Victor M and Pappas, George J},
  journal={IEEE Control Systems Magazine},
  volume={36},
  number={1},
  pages={26--46},
  year={2016},
  publisher={IEEE}
}

@article{cohen2003efficient,
  title={Efficient immunization strategies for computer networks and populations},
  author={Cohen, Reuven and Havlin, Shlomo and Ben-Avraham, Daniel},
  journal={Physical review letters},
  volume={91},
  number={24},
  pages={247901},
  year={2003},
  publisher={APS}
}


@article{kivela2018mapping,
  title={Mapping temporal-network percolation to weighted, static event graphs},
  author={Kivel{\"a}, Mikko and Cambe, Jordan and Saram{\"a}ki, Jari and Karsai, M{\'a}rton},
  journal={Scientific reports},
  volume={8},
  number={1},
  pages={1--9},
  year={2018},
  publisher={Nature Publishing Group}
}

@book{holme2019temporal,
  title={Temporal Network Theory},
  author={Holme, Petter and Saram{\"a}ki, Jari},
  year={2019},
  publisher={Springer}
}


@article{funke2019stochastic,
  title={Stochastic block models: A comparison of variants and inference methods},
  author={Funke, Thorben and Becker, Till},
  journal={PloS one},
  volume={14},
  number={4},
  pages={e0215296},
  year={2019},
  publisher={Public Library of Science San Francisco, CA USA}
}

@book{barrat2008dynamical,
  title={Dynamical processes on complex networks},
  author={Barrat, Alain and Barthelemy, Marc and Vespignani, Alessandro},
  year={2008},
  publisher={Cambridge university press}
}
@article{nowzari2016analysis,
  title={Analysis and control of epidemics: A survey of spreading processes on complex networks},
  author={Nowzari, Cameron and Preciado, Victor M and Pappas, George J},
  journal={IEEE Control Systems Magazine},
  volume={36},
  number={1},
  pages={26--46},
  year={2016},
  publisher={IEEE}
}

@article{lamberson2016diffusion,
  title={Diffusion in networks},
  author={Lamberson, PJ},
  journal={The Oxford handbook of the economics of networks. Oxford University Press, Oxford},
  pages={479--503},
  year={2016}
}


@article{stegehuis2016epidemic,
  title={Epidemic spreading on complex networks with community structures},
  author={Stegehuis, Clara and Van Der Hofstad, Remco and Van Leeuwaarden, Johan SH},
  journal={Scientific reports},
  volume={6},
  number={1},
  pages={1--7},
  year={2016},
  publisher={Nature Publishing Group}
}

@article{barthelemy2011spatial,
  title={Spatial networks},
  author={Barth{\'e}lemy, Marc},
  journal={Physics Reports},
  volume={499},
  number={1-3},
  pages={1--101},
  year={2011},
  publisher={Elsevier}
}

@article{expert2011uncovering,
  title={Uncovering space-independent communities in spatial networks},
  author={Expert, Paul and Evans, Tim S and Blondel, Vincent D and Lambiotte, Renaud},
  journal={Proceedings of the National Academy of Sciences},
  volume={108},
  number={19},
  pages={7663--7668},
  year={2011},
  publisher={National Acad Sciences}
}

@book{karsai2018bursty,
  title={Bursty human dynamics},
  author={Karsai, M{\'a}rton and Jo, Hang-Hyun and Kaski, Kimmo and others},
  year={2018},
  publisher={Springer}
}

@article{dall2002random,
  title={Random geometric graphs},
  author={Dall, Jesper and Christensen, Michael},
  journal={Physical review E},
  volume={66},
  number={1},
  pages={016121},
  year={2002},
  publisher={APS}
}

@article{waxman1988routing,
  title={Routing of multipoint connections},
  author={Waxman, Bernard M},
  journal={IEEE journal on selected areas in communications},
  volume={6},
  number={9},
  pages={1617--1622},
  year={1988},
  publisher={IEEE}
}

@inproceedings{cazabet2017enhancing,
  title={Enhancing space-aware community detection using degree constrained spatial null model},
  author={Cazabet, Remy and Borgnat, Pierre and Jensen, Pablo},
  booktitle={International Workshop on Complex Networks},
  pages={47--55},
  year={2017},
  organization={Springer}
}


@article{simini2012universal,
  title={A universal model for mobility and migration patterns},
  author={Simini, Filippo and Gonz{\'a}lez, Marta C and Maritan, Amos and Barab{\'a}si, Albert-L{\'a}szl{\'o}},
  journal={Nature},
  volume={484},
  number={7392},
  pages={96--100},
  year={2012},
  publisher={Nature Publishing Group}
}

@article{betzel2020community,
  title={Community detection in network neuroscience},
  author={Betzel, Richard F},
  journal={arXiv preprint arXiv:2011.06723},
  year={2020}
}

@article{rossetti2018community,
  title={Community discovery in dynamic networks: a survey},
  author={Rossetti, Giulio and Cazabet, R{\'e}my},
  journal={ACM Computing Surveys (CSUR)},
  volume={51},
  number={2},
  pages={1--37},
  year={2018},
  publisher={ACM New York, NY, USA}
}



@article{lu2011link,
  title={Link prediction in complex networks: A survey},
  author={L{\"u}, Linyuan and Zhou, Tao},
  journal={Physica A: statistical mechanics and its applications},
  volume={390},
  number={6},
  pages={1150--1170},
  year={2011},
  publisher={Elsevier}
}


@inproceedings{al2006link,
  title={Link prediction using supervised learning},
  author={Al Hasan, Mohammad and Chaoji, Vineet and Salem, Saeed and Zaki, Mohammed},
  booktitle={SDM06: workshop on link analysis, counter-terrorism and security},
  volume={30},
  pages={798--805},
  year={2006}
}

@inproceedings{lichtenwalter2010new,
  title={New perspectives and methods in link prediction},
  author={Lichtenwalter, Ryan N and Lussier, Jake T and Chawla, Nitesh V},
  booktitle={Proceedings of the 16th ACM SIGKDD international conference on Knowledge discovery and data mining},
  pages={243--252},
  year={2010}
}

@article{ghasemian2020stacking,
  title={Stacking models for nearly optimal link prediction in complex networks},
  author={Ghasemian, Amir and Hosseinmardi, Homa and Galstyan, Aram and Airoldi, Edoardo M and Clauset, Aaron},
  journal={Proceedings of the National Academy of Sciences},
  volume={117},
  number={38},
  pages={23393--23400},
  year={2020},
  publisher={National Acad Sciences}
}

@article{zhou2009predicting,
  title={Predicting missing links via local information},
  author={Zhou, Tao and L{\"u}, Linyuan and Zhang, Yi-Cheng},
  journal={The European Physical Journal B},
  volume={71},
  number={4},
  pages={623--630},
  year={2009},
  publisher={Springer}
}


@article{ghasemian2019evaluating,
  title={Evaluating overfit and underfit in models of network community structure},
  author={Ghasemian, Amir and Hosseinmardi, Homa and Clauset, Aaron},
  journal={IEEE Transactions on Knowledge and Data Engineering},
  year={2019},
  publisher={IEEE}
}


@article{yang2015evaluating,
  title={Evaluating link prediction methods},
  author={Yang, Yang and Lichtenwalter, Ryan N and Chawla, Nitesh V},
  journal={Knowledge and Information Systems},
  volume={45},
  number={3},
  pages={751--782},
  year={2015},
  publisher={Springer}
}

@incollection{bhagat2011node,
  title={Node classification in social networks},
  author={Bhagat, Smriti and Cormode, Graham and Muthukrishnan, S},
  booktitle={Social network data analytics},
  pages={115--148},
  year={2011},
  publisher={Springer}
}

@inproceedings{rahman2016link,
  title={Link prediction in dynamic networks using graphlet},
  author={Rahman, Mahmudur and Al Hasan, Mohammad},
  booktitle={Joint European Conference on Machine Learning and Knowledge Discovery in Databases},
  pages={394--409},
  year={2016},
  organization={Springer}
}

@article{deexperimental,
  title={Experimental Evaluation of Train and Test Split Strategies in Link Prediction},
  author={de Bruin, Gerrit Jan and Veenman, Cor J and van den Herik, H Jaap and Takes, Frank W}
}


@article{Belkin2003LaplacianEF,
  title={Laplacian Eigenmaps for Dimensionality Reduction and Data Representation},
  author={M. Belkin and P. Niyogi},
  journal={Neural Computation},
  year={2003},
  volume={15},
  pages={1373-1396}
}


@inproceedings{ou2016asymmetric,
  title={Asymmetric transitivity preserving graph embedding},
  author={Ou, Mingdong and Cui, Peng and Pei, Jian and Zhang, Ziwei and Zhu, Wenwu},
  booktitle={Proceedings of the 22nd ACM SIGKDD international conference on Knowledge discovery and data mining},
  pages={1105--1114},
  year={2016}
}

@article{mikolov2013efficient,
  title={Efficient estimation of word representations in vector space},
  author={Mikolov, Tomas and Chen, Kai and Corrado, Greg and Dean, Jeffrey},
  journal={arXiv preprint arXiv:1301.3781},
  year={2013}
}

@inproceedings{perozzi2014deepwalk,
  title={Deepwalk: Online learning of social representations},
  author={Perozzi, Bryan and Al-Rfou, Rami and Skiena, Steven},
  booktitle={Proceedings of the 20th ACM SIGKDD international conference on Knowledge discovery and data mining},
  pages={701--710},
  year={2014}
}

@inproceedings{grover2016node2vec,
  title={node2vec: Scalable feature learning for networks},
  author={Grover, Aditya and Leskovec, Jure},
  booktitle={Proceedings of the 22nd ACM SIGKDD international conference on Knowledge discovery and data mining},
  pages={855--864},
  year={2016}
}


@inproceedings{ribeiro2017struc2vec,
  title={struc2vec: Learning node representations from structural identity},
  author={Ribeiro, Leonardo FR and Saverese, Pedro HP and Figueiredo, Daniel R},
  booktitle={Proceedings of the 23rd ACM SIGKDD international conference on knowledge discovery and data mining},
  pages={385--394},
  year={2017}
}

@article{maaten2008visualizing,
  title={Visualizing data using t-SNE},
  author={Maaten, Laurens van der and Hinton, Geoffrey},
  journal={Journal of machine learning research},
  volume={9},
  number={Nov},
  pages={2579--2605},
  year={2008}
}

@article{goyal2018graph,
  title={Graph embedding techniques, applications, and performance: A survey},
  author={Goyal, Palash and Ferrara, Emilio},
  journal={Knowledge-Based Systems},
  volume={151},
  pages={78--94},
  year={2018},
  publisher={Elsevier}
}

@article{cai2018comprehensive,
  title={A comprehensive survey of graph embedding: Problems, techniques, and applications},
  author={Cai, Hongyun and Zheng, Vincent W and Chang, Kevin Chen-Chuan},
  journal={IEEE Transactions on Knowledge and Data Engineering},
  volume={30},
  number={9},
  pages={1616--1637},
  year={2018},
  publisher={IEEE}
}

@article{cui2018survey,
  title={A survey on network embedding},
  author={Cui, Peng and Wang, Xiao and Pei, Jian and Zhu, Wenwu},
  journal={IEEE Transactions on Knowledge and Data Engineering},
  volume={31},
  number={5},
  pages={833--852},
  year={2018},
  publisher={IEEE}
}

@inproceedings{mara2020benchmarking,
  title={Benchmarking Network Embedding Models for Link Prediction: Are We Making Progress?},
  author={Mara, Alexandru Cristian and Lijffijt, Jefrey and De Bie, Tijl},
  booktitle={2020 IEEE 7th International Conference on Data Science and Advanced Analytics (DSAA)},
  pages={138--147},
  year={2020},
  organization={IEEE}
}

@inproceedings{vaudaine2020comparing,
  title={Comparing the preservation of network properties by graph embeddings},
  author={Vaudaine, R{\'e}mi and Cazabet, R{\'e}my and Largeron, Christine},
  booktitle={International Symposium on Intelligent Data Analysis},
  pages={522--534},
  year={2020},
  organization={Springer}
}

@inproceedings{sinha2018systematic,
  title={Systematic biases in link prediction: comparing heuristic and graph embedding based methods},
  author={Sinha, Aakash and Cazabet, R{\'e}my and Vaudaine, R{\'e}mi},
  booktitle={International Conference on Complex Networks and Their Applications},
  pages={81--93},
  year={2018},
  organization={Springer}
}

@inproceedings{ahmed2019role2vec,
  title={role2vec: Role-based network embeddings},
  author={Ahmed, Nesreen K and Rossi, Ryan A and Lee, John Boaz and Willke, Theodore L and Zhou, Rong and Kong, Xiangnan and Eldardiry, Hoda},
  booktitle={Proc. DLG KDD},
  year={2019}
}

@inproceedings{karateclub,
                title = {{Karate Club: An API Oriented Open-source Python Framework for Unsupervised Learning on Graphs}},
                author = {Benedek Rozemberczki and Oliver Kiss and Rik Sarkar},
                year = {2020},
                pages = {3125–3132},
                booktitle = {Proceedings of the 29th ACM International Conference on Information and Knowledge Management (CIKM '20)},
                organization = {ACM},
 }
 
 @article{goyal2018gem,
  title={GEM: a Python package for graph embedding methods},
  author={Goyal, Palash and Ferrara, Emilio},
  journal={Journal of Open Source Software},
  volume={3},
  number={29},
  pages={876},
  year={2018}
}

@article{kipf2016semi,
  title={Semi-supervised classification with graph convolutional networks},
  author={Kipf, Thomas N and Welling, Max},
  journal={arXiv preprint arXiv:1609.02907},
  year={2016}
}


@article{zhang2019graph,
  title={Graph convolutional networks: a comprehensive review},
  author={Zhang, Si and Tong, Hanghang and Xu, Jiejun and Maciejewski, Ross},
  journal={Computational Social Networks},
  volume={6},
  number={1},
  pages={11},
  year={2019},
  publisher={Springer}
}

@inproceedings{zhang2018graph,
  title={Graph convolutional networks: Algorithms, applications and open challenges},
  author={Zhang, Si and Tong, Hanghang and Xu, Jiejun and Maciejewski, Ross},
  booktitle={International Conference on Computational Social Networks},
  pages={79--91},
  year={2018},
  organization={Springer}
}

@article{kipf2016variational,
  title={Variational graph auto-encoders},
  author={Kipf, Thomas N and Welling, Max},
  journal={arXiv preprint arXiv:1611.07308},
  year={2016}
}

@article{zhou2018graph,
  title={Graph neural networks: A review of methods and applications},
  author={Zhou, Jie and Cui, Ganqu and Zhang, Zhengyan and Yang, Cheng and Liu, Zhiyuan and Wang, Lifeng and Li, Changcheng and Sun, Maosong},
  journal={arXiv preprint arXiv:1812.08434},
  year={2018}
}
@article{wu2020comprehensive,
  title={A comprehensive survey on graph neural networks},
  author={Wu, Zonghan and Pan, Shirui and Chen, Fengwen and Long, Guodong and Zhang, Chengqi and Philip, S Yu},
  journal={IEEE Transactions on Neural Networks and Learning Systems},
  year={2020},
  publisher={IEEE}
}
@article{xu2018powerful,
  title={How powerful are graph neural networks?},
  author={Xu, Keyulu and Hu, Weihua and Leskovec, Jure and Jegelka, Stefanie},
  journal={arXiv preprint arXiv:1810.00826},
  year={2018}
}

@article{zhang2018link,
  title={Link prediction based on graph neural networks},
  author={Zhang, Muhan and Chen, Yixin},
  journal={Advances in Neural Information Processing Systems},
  volume={31},
  pages={5165--5175},
  year={2018}
}

@article{li2017diffusion,
  title={Diffusion convolutional recurrent neural network: Data-driven traffic forecasting},
  author={Li, Yaguang and Yu, Rose and Shahabi, Cyrus and Liu, Yan},
  journal={arXiv preprint arXiv:1707.01926},
  year={2017}
}

@book{chung1997spectral,
  title={Spectral graph theory},
  author={Chung, Fan RK and Graham, Fan Chung},
  number={92},
  year={1997},
  publisher={American Mathematical Soc.}
}

@incollection{spielman2012spectral,
  title={Spectral graph theory},
  author={Spielman, Daniel},
  booktitle={Combinatorial scientific computing},
  number={18},
  year={2012},
  publisher={Citeseer}
}

@article{hammond2011wavelets,
  title={Wavelets on graphs via spectral graph theory},
  author={Hammond, David K and Vandergheynst, Pierre and Gribonval, R{\'e}mi},
  journal={Applied and Computational Harmonic Analysis},
  volume={30},
  number={2},
  pages={129--150},
  year={2011},
  publisher={Elsevier}
}

@article{nica2016brief,
  title={A brief introduction to spectral graph theory},
  author={Nica, Bogdan},
  journal={arXiv preprint arXiv:1609.08072},
  year={2016}
}

@article{nascimento2011spectral,
  title={Spectral methods for graph clustering--a survey},
  author={Nascimento, Maria CV and De Carvalho, Andre CPLF},
  journal={European Journal of Operational Research},
  volume={211},
  number={2},
  pages={221--231},
  year={2011},
  publisher={Elsevier}
}

@book{menczer2020first,
  title={A First Course in Network Science},
  author={Menczer, Filippo and Fortunato, Santo and Davis, Clayton A},
  year={2020},
  publisher={Cambridge University Press}
}

@book{barabasi2016network,
  title={Network science},
  author={Barab{\'a}si, Albert-L{\'a}szl{\'o} and others},
  year={2016},
  publisher={Cambridge university press}
}

@article{noldus2015assortativity,
  title={Assortativity in complex networks},
  author={Noldus, Rogier and Van Mieghem, Piet},
  journal={Journal of Complex Networks},
  volume={3},
  number={4},
  pages={507--542},
  year={2015},
  publisher={Oxford University Press}
}

@article{fortunato2010community,
  title={Community detection in graphs},
  author={Fortunato, Santo},
  journal={Physics reports},
  volume={486},
  number={3-5},
  pages={75--174},
  year={2010},
  publisher={Elsevier}
}

@article{fortunato2016community,
  title={Community detection in networks: A user guide},
  author={Fortunato, Santo and Hric, Darko},
  journal={Physics reports},
  volume={659},
  pages={1--44},
  year={2016},
  publisher={Elsevier}
}

@article{xie2013overlapping,
  title={Overlapping community detection in networks: The state-of-the-art and comparative study},
  author={Xie, Jierui and Kelley, Stephen and Szymanski, Boleslaw K},
  journal={Acm computing surveys (csur)},
  volume={45},
  number={4},
  pages={1--35},
  year={2013},
  publisher={ACM New York, NY, USA}
}

@article{rosvall2019different,
  title={Different approaches to community detection},
  author={Rosvall, Martin and Delvenne, Jean-Charles and Schaub, Michael T and Lambiotte, Renaud},
  journal={Advances in network clustering and blockmodeling},
  pages={105--119},
  year={2019},
  publisher={Wiley Online Library}
}

@misc{coscia2021atlas,
      title={The Atlas for the Aspiring Network Scientist}, 
      author={Michele Coscia},
      year={2021},
      eprint={2101.00863},
      archivePrefix={arXiv},
      primaryClass={cs.CY}
}

@book{zinoviev2018complex,
  title={Complex network analysis in Python: Recognize-construct-visualize-analyze-interpret},
  author={Zinoviev, Dmitry},
  year={2018},
  publisher={Pragmatic Bookshelf}
}

@incollection{rodrigues2019network,
  title={Network centrality: an introduction},
  author={Rodrigues, Francisco Aparecido},
  booktitle={A mathematical modeling approach from nonlinear dynamics to complex systems},
  pages={177--196},
  year={2019},
  publisher={Springer}
}

@article{katz1953new,
  title={A new status index derived from sociometric analysis},
  author={Katz, Leo},
  journal={Psychometrika},
  volume={18},
  number={1},
  pages={39--43},
  year={1953},
  publisher={Springer}
}

@article{van2008visualizing,
  title={Visualizing data using t-SNE.},
  author={Van der Maaten, Laurens and Hinton, Geoffrey},
  journal={Journal of machine learning research},
  volume={9},
  number={11},
  year={2008}
}

@article{rossetti2021conformity,
  title={Conformity: A path-aware homophily measure for node-attributed networks},
  author={Rossetti, Giulio and Citraro, Salvatore and Milli, Letizia},
  journal={IEEE Intelligent Systems},
  volume={36},
  number={1},
  pages={25--34},
  year={2021},
  publisher={IEEE}
}

@article{fosdick2018configuring,
  title={Configuring random graph models with fixed degree sequences},
  author={Fosdick, Bailey K and Larremore, Daniel B and Nishimura, Joel and Ugander, Johan},
  journal={Siam Review},
  volume={60},
  number={2},
  pages={315--355},
  year={2018},
  publisher={SIAM}
}